% Encoding: UTF-8
@article{ramanathan2001note,
	title={A note on the use of the analytic hierarchy process for environmental impact assessment},
	author={Ramanathan, R},
	journal={Journal of Environmental Management},
	volume={63},
	number={1},
	pages={27--35},
	year={2001},
	publisher={Elsevier}
}

@article{lahdelma2002locating,
	title={Locating a waste treatment facility by using stochastic multicriteria acceptability analysis with ordinal criteria},
	author={Lahdelma, Risto and Salminen, Pekka and Hokkanen, Joonas},
	journal={European Journal of Operational Research},
	volume={142},
	number={2},
	pages={345--356},
	year={2002},
	publisher={Elsevier}
}

@article{hokkanen1997choosing,
	title={Choosing a solid waste management system using multicriteria decision analysis},
	author={Hokkanen, Joonas and Salminen, Pekka},
	journal={European Journal of Operational Research},
	volume={98},
	number={1},
	pages={19--36},
	year={1997},
	publisher={Elsevier}
}

@article{wang2006environmental,
	title={Environmental impact assessment using the evidential reasoning approach},
	author={Wang, Ying-Ming and Yang, Jian-Bo and Xu, Dong-Ling},
	journal={European Journal of Operational Research},
	volume={174},
	number={3},
	pages={1885--1913},
	year={2006},
	publisher={Elsevier}
}

@article{chan2013extended,
	title={An extended fuzzy-AHP approach for the evaluation of green product designs},
	author={Chan, Hing Kai and Wang, Xiaojun and White, Gareth Reginald Terence and Yip, Nick},
	journal={Engineering Management, IEEE Transactions on},
	volume={60},
	number={2},
	pages={327--339},
	year={2013},
	publisher={IEEE}
}

@article{wang2015case,
	title={A case study of an integrated fuzzy methodology for green product development},
	author={Wang, Xiaojun and Chan, Hing Kai and Li, Dong},
	journal={European Journal of Operational Research},
	volume={241},
	number={1},
	pages={212--223},
	year={2015},
	publisher={Elsevier}
}

@article{accorsi2014economic,
	title={Economic and environmental assessment of reusable plastic containers: A food catering supply chain case study},
	author={Accorsi, Riccardo and Cascini, Alessandro and Cholette, Susan and Manzini, Riccardo and Mora, Cristina},
	journal={International Journal of Production Economics},
	volume={152},
	pages={88--101},
	year={2014},
	publisher={Elsevier}
}

@article{dadhich2015developing,
	title={Developing sustainable supply chains in the UK construction industry: A case study},
	author={Dadhich, P and Genovese, A and Kumar, N and Acquaye, A},
	journal={International Journal of Production Economics},
	volume={164},
	pages={271--284},
	year={2015},
	publisher={Elsevier}
}

@article{tognetti2015green,
	title={Green supply chain network optimization and the trade-off between environmental and economic objectives},
	author={Tognetti, Alice and Grosse-Ruyken, Pan Theo and Wagner, Stephan M},
	journal={International Journal of Production Economics},
	volume={170},
	pages={385--392},
	year={2015},
	publisher={Elsevier}
}

@article{wang2013sustainable,
	title={Sustainable design and synthesis of hydrocarbon biorefinery via gasification pathway: Integrated life cycle assessment and technoeconomic analysis with multiobjective superstructure optimization},
	author={Wang, Belinda and Gebreslassie, Berhane H and You, Fengqi},
	journal={Computers \& Chemical Engineering},
	volume={52},
	pages={55--76},
	year={2013},
	publisher={Elsevier}
}

@article{vaidya2006analytic,
	title={Analytic hierarchy process: An overview of applications},
	author={Vaidya, Omkarprasad S and Kumar, Sushil},
	journal={European Journal of Operational Research},
	volume={169},
	number={1},
	pages={1--29},
	year={2006},
	publisher={Elsevier}
}

@article{weck1997evaluating,
	title={Evaluating alternative production cycles using the extended fuzzy AHP method},
	author={Weck, M and Klocke, Fritz and Schell, H and R{\"u}enauver, E},
	journal={European Journal of Operational Research},
	volume={100},
	number={2},
	pages={351--366},
	year={1997},
	publisher={Elsevier}
}

@article{govindan2016electre,
	title={ELECTRE: A comprehensive literature review on methodologies and applications},
	author={Govindan, Kannan and Jepsen, Martin Brandt},
	journal={European Journal of Operational Research},
	volume={250},
	number={1},
	pages={1--29},
	year={2016},
	publisher={Elsevier}
}

@article{yang2001rule,
	title={Rule and utility based evidential reasoning approach for multiattribute decision analysis under uncertainties},
	author={Yang, Jian-Bo},
	journal={European Journal of Operational Research},
	volume={131},
	number={1},
	pages={31--61},
	year={2001},
	publisher={Elsevier}
}

@article{bloemhof1996environmental,
	title={An environmental life cycle optimization model for the European pulp and paper industry},
	author={Bloemhof-Ruwaard, Jacqueline M and Van Wassenhove, Luk N and Gabel, H Landis and Weaver, Paul M},
	journal={Omega},
	volume={24},
	number={6},
	pages={615--629},
	year={1996},
	publisher={Elsevier}
}

@article{eskandarpour2015sustainable,
	title={Sustainable supply chain network design: An optimization-oriented review},
	author={Eskandarpour, Majid and Dejax, Pierre and Miemczyk, Joe and P{\'e}ton, Olivier},
	journal={Omega},
	volume={54},
	pages={11--32},
	year={2015},
	publisher={Elsevier}
}

@article{chaabane2012design,
	title={Design of sustainable supply chains under the emission trading scheme},
	author={Chaabane, Amin and Ramudhin, Amar and Paquet, Marc},
	journal={International Journal of Production Economics},
	volume={135},
	number={1},
	pages={37--49},
	year={2012},
	publisher={Elsevier}
}

@article{guillen2010global,
	title={A global optimization strategy for the environmentally conscious design of chemical supply chains under uncertainty in the damage assessment model},
	author={Guill{\'e}n-Gos{\'a}lbez, Gonzalo and Grossmann, Ignacio},
	journal={Computers \& Chemical Engineering},
	volume={34},
	number={1},
	pages={42--58},
	year={2010},
	publisher={Elsevier}
}

@article{ruiz2013multi,
	title={Multi-objective optimization of environmentally conscious chemical supply chains under demand uncertainty},
	author={Ruiz-Femenia, Rub{\'e}n and Guill{\'e}n-Gos{\'a}lbez, Gonzalo and Jim{\'e}nez, Laureano and Caballero, JA},
	journal={Chemical Engineering Science},
	volume={95},
	pages={1--11},
	year={2013},
	publisher={Elsevier}
}


@article{pratt1964risk,
	title={Risk aversion in the small and in the large},
	author={Pratt, John W},
	journal={Econometrica: Journal of the Econometric Society},
	volume={32},
	number={1/2},
	pages={122--136},
	year={1964},
	publisher={JSTOR}
}


@article{nemirovski2006convex,
	title={Convex approximations of chance constrained programs},
	author={Nemirovski, Arkadi and Shapiro, Alexander},
	journal={SIAM Journal on Optimization},
	volume={17},
	number={4},
	pages={969--996},
	year={2006},
	publisher={SIAM}
}


@article{khoo2012projecting,
	title={Projecting the environmental profile of Singaporeâ€™s landfill activities: Comparisons of present and future scenarios based on LCA},
	author={Khoo, Hsien H and Tan, Lester LZ and Tan, Reginald BH},
	journal={Waste Management},
	volume={32},
	number={5},
	pages={890--900},
	year={2012},
	publisher={Elsevier}
}

@article{bolin2009environmental,
	title={{Environmental impact assessment of energy recovery from food waste in Singapore: Comparing biogas production to incineration}},
	author={Bolin, Lisa},
	year={2009},
    journal={\emph{M. Thesis, Department of Energy and Technology, Swedish University of Agricultural Sciences, Uppsala, Sweden}}
}


@article{arena2003environmental,
	title={The environmental performance of alternative solid waste management options: A life cycle assessment study},
	author={Arena, Umberto and Mastellone, Maria Laura and Perugini, Francesco},
	journal={Chemical Engineering Journal},
	volume={96},
	number={1},
	pages={207--222},
	year={2003},
	publisher={Elsevier}
}
@misc{ecoinvent2013,
	title={The ecoinvent database: Overview and methodology, data quality guideline for the ecoinvent database version 3},
	author={Weidema, B.P. and Bauer, Ch. and Hischier, R. and Mutel, Ch. and Nemecek, T. and Reinhard, J. and Vadenbo, C.O. and Wernet, G},
	note={\url{http://www.ecoinvent.org/}},
	year={2013}
}

@article{ema2014,
	title={Other statistics energy related statistics},
	author={EMA},
	journal={\emph{Energy Market Authority of Singapore, Singapore}},
	year={2014},
	note={\url{https://www.ema.gov.sg/cmsmedia/Publications_and_Statistics/Publications/ses/2015/other-energy-related-statistics/index.html}}
}

@article{wong2002,
	title={{Development of LCI database for Singapore electricity production}},
	author={Wong, C. K},
	journal={\emph{Final Year Report, Department of Chemical and Environmental Engineering, National University of Singapore, Singapore}},
	year={2002}
}

@article{fisher2006impact,
	title={Impact of energy from waste and recycling policy on UK greenhouse gas emissions -- Final report},
	author={Fisher, K},
	year={2006},
	journal={\emph{Environmental Resources Management, Oxford, UK}},
	note={\url{http://randd. defra. gov. uk/Document.aspx}}
}

@article{jaillet2013routing,
	title={Routing optimization with deadlines under uncertainty},
	author={Jaillet, Patrick and Qi, Jin and Sim, Melvyn},
	journal={\emph{Working paper}},
	year={2013},
	note={\url{http://web.mit.edu.libproxy1.nus.edu.sg/jaillet/www/general/RoutingOptimization_JQS.pdf}}
}

@book{inventories2008denmark,
	title={Denmark's National Inventory Report 2008: Emission Inventories 1990-2006 -- Submitted under the United Nations Framework Convention on Climate Change},
	author={Nielsen, Ole-Kenneth and Lyck, Erik and Mikkelsen, Mette Hjorth and Hoffmann, Leif and Gyldenk{\ae}rne, Steen and Winther, Morten and Nielsen, Malene and Fauser, Patrik and Thomsen, Marianne and Plejdrup, Marlene Schmidt and others},
	year={2008},
	publisher={NERI Technical Report No. 667, National Environmental Research Institute, University of Aarhus, Denmark}
}


@article{cho1995biochemical,
	title={Biochemical methane potential and solid state anaerobic digestion of Korean food wastes},
	author={Cho, Jae Kyoung and Park, Soon Chul and Chang, Ho Nam},
	journal={Bioresource Technology},
	volume={52},
	number={3},
	pages={245--253},
	year={1995},
	publisher={Elsevier}
}

@article{banks2011anaerobic,
	title={Anaerobic digestion of source-segregated domestic food waste: Performance assessment by mass and energy balance},
	author={Banks, Charles J and Chesshire, Michael and Heaven, Sonia and Arnold, Rebecca},
	journal={Bioresource Technology},
	volume={102},
	number={2},
	pages={612--620},
	year={2011},
	publisher={Elsevier}
}

@article{heo2004effects,
	title={Effects of mixture ratio and hydraulic retention time on single-stage anaerobic co-digestion of food waste and waste activated sludge},
	author={Heo, Nam Hyo and Park, Soon Chul and Kang, Ho},
	journal={Journal of Environmental Science and Health, Part A},
	volume={39},
	number={7},
	pages={1739--1756},
	year={2004},
	publisher={Taylor and Francis}
}

@book{smith2001waste,
	title={Waste management options and climate change: Final report to the European Commission},
	author={Smith, Alison and Brown, Keith and Ogilvie, Steve and Rushton, Kathryn and Bates, Judith and others},
	year={2001},
	publisher={European Commission}
}


@article{kua2014attributional,
	title={An attributional and consequential life cycle assessment of substituting concrete with bricks},
	author={Kua, Harn Wei and Kamath, Susmita},
	journal={Journal of Cleaner Production},
	volume={81},
	pages={190--200},
	year={2014},
	publisher={Elsevier}
}

@article{kua2013attributional,
	title={Attributional and consequential life cycle inventory assessment of recycling copper slag as building material in Singapore},
	author={Kua, Harn Wei },
	journal={Transactions of the Institute of Measurement and Control},
	volume={35},
	number={4},
	pages={510--520},
	year={2013},
	publisher={SAGE Publications}
}

@article{kaufman2014risk,
	title={Why is risk aversion unaccounted for in environmental policy evaluations?},
	author={Kaufman, Noah},
	journal={Climatic Change},
	volume={125},
	number={2},
	pages={127--135},
	year={2014},
	publisher={Springer}
}


@misc{lakelife2014,
	author={{Lake Life Executive Condominium}},
	year={2014},
	note={\url{http://lakelife.ec/floorplan/2-br-floorplan/}}
}

@misc{alibaba,
	author={{Alibaba Marketplace}},
	year={2015},
	note={\url{http://www.alibaba.com}}
}

@article{khoo2010food,
	title={Food waste conversion options in Singapore: Environmental impacts based on an LCA perspective},
	author={Khoo, Hsien H and Lim, Teik Z and Tan, Reginald BH},
	journal={Science of the Total Environment},
	volume={408},
	number={6},
	pages={1367--1373},
	year={2010},
	publisher={Elsevier}
}	

@article{khoo2009life,
	title={Life cycle impact assessment of various waste conversion technologies},
	author={Khoo, Hsien H},
	journal={Waste Management},
	volume={29},
	number={6},
	pages={1892--1900},
	year={2009},
	publisher={Elsevier}
}

@article{mcdougall2000report,
	title={Report: The use of life cycle inventory tools to support an integrated approach to solid waste management},
	author={McDougall, Forbes R and Hruska, Joseph P},
	journal={Waste Management and Research},
	volume={18},
	number={6},
	pages={590--594},
	year={2000},
	publisher={Wiley Online Library}
}	

@misc{latestdata,
    title={Latest Data on Population \& Land Area},
	author={{Department of Statistics Singapore }},
	year={2014},
	note={\url{http://www.singstat.gov.sg/statistics/browse-by-theme/population-and-population-structure}}
}

@misc{simapro2008a,
	author={SimaPro},
	year={2008a},
	title={{Water Transport Database: Diesel-power barge, PR\'e Consultants}},
	note={\url{https://www.pre-sustainability.com/}}
}


@article{oliveira2004multiple,
	title={A multiple objective model to deal with economy--energy--environment interactions},
	author={Oliveira, Carla and Antunes, Carlos Henggeler},
	journal={European Journal of Operational Research},
	volume={153},
	number={2},
	pages={370--385},
	year={2004},
	publisher={Elsevier}
}

@book{clemen2013making,
	title={Making hard decisions with decision tools},
	author={Clemen, R. T and Reilly, Terence},
	year={2001},
	publisher={Pacific Grove, CA: Duxbury Thomson Learning}
}

@article{glasson2013introduction,
	title={Introduction and Principles},
	author={Glasson, John and Therivel, Riki and Chadwick, Andrew, },
	year={2013},
	journal={\emph{pp.3-30 in} Introduction to Environmental Impacts Assessment, \emph{edited by J. Glasson. New York: Roultedge}}
	
}

@article{iso2006,
	title={{ISO 14044 International standard environmental management -- Life cycle assessment -- Requirements and guidelines}},
	author={ISO},
	journal={\emph{Geneva, Switzerland: International Standard Organization}},
	year={2006}
}

@article{edmundson1957bounds,
	title={Bounds on the expectation of a convex function of a random variable},
	author={Edmundson, HP},
	year={1957},
	journal={\emph{Santa Monica, CA: RAND Corporation}},
	note={\url{http://www.rand.org/pubs/papers/P982.html}}
}

@article{madansky1959bounds,
	title={Bounds on the expectation of a convex function of a multivariate random variable},
	author={Madansky, Albert},
	journal={The Annals of Mathematical Statistics},
	volume={30},
	number={3},
	pages={743--746},
	year={1959},
	publisher={JSTOR}
}

@article{follmer2002convex,
	title={Convex measures of risk and trading constraints},
	author={F{\"o}llmer, Hans and Schied, Alexander},
	journal={Finance and Stochastics},
	volume={6},
	number={4},
	pages={429--447},
	year={2002},
	publisher={Springer}
}

@article{artzner1999coherent,
	title={Coherent measures of risk},
	author={Artzner, Philippe and Delbaen, Freddy and Eber, Jean-Marc and Heath, David},
	journal={Mathematical Finance},
	volume={9},
	number={3},
	pages={203--228},
	year={1999}
}

@article{rockafellar2000optimization,
	title={Optimization of conditional value-at-risk},
	author={Rockafellar, R Tyrrell and Uryasev, Stanislav},
	journal={Journal of Risk},
	volume={2},
	pages={21--42},
	year={2000}
}

@article{markowitz1952portfolio,
	title={Portfolio selection},
	author={Markowitz, Harry Max},
	journal={The Journal of Finance},
	volume={7},
	number={1},
	pages={77--91},
	year={1952},
	publisher={Wiley Online Library}
}

@book{markowitz1991portfolio,
	title={Portfolio Selection: Efficient Diversification of Investments},
	author={Markowitz, Harry Max},
	year={1991},
	publisher={Second Edition, Cambridge, MA, USA: Basil Blackwell}
}

@article{jefferson2005dynamic,
	title={Dynamic financial planning: certainty equivalents, stochastic constraints and functional conjugate duality},
	author={Jefferson, Thomas R and Scott, Carlton H},
	journal={IIE Transactions},
	volume={37},
	number={10},
	pages={931--938},
	year={2005},
	publisher={Taylor \& Francis}
}

@article{brown2009satisficing,
	title={Satisficing measures for analysis of risky positions},
	author={Brown, David B and Sim, Melvyn},
	journal={Management Science},
	volume={55},
	number={1},
	pages={71--84},
	year={2009},
	publisher={INFORMS}
}

@article{yong2011eco,
	title={Eco-indicators: improve China's sustainability targets},
	author={Yong, Geng},
	journal={Nature},
	volume={477},
	number={7363},
	pages={162--162},
	year={2011},
	publisher={Nature Publishing Group}
}

@article{liu2012uncovering,
	title={Uncovering Chinaâ€™s greenhouse gas emission from regional and sectoral perspectives},
	author={Liu, Zhu and Geng, Yong and Lindner, Soeren and Guan, Dabo},
	journal={Energy},
	volume={45},
	number={1},
	pages={1059--1068},
	year={2012},
	publisher={Elsevier}
}

@article{jiang2010annual,
	title={Annual report on China building energy efficiency},
	author={Jiang, Yi and Wu, X},
	journal={China Architecture \&Building Press, Beijing (2010)(in Chinese)},
	year={2010}
}

@article{jiang2011analysis,
	title={Analysis of national and local energy-efficiency design standards in the public building sector in China},
	author={Jiang, Ping},
	journal={Energy for Sustainable Development},
	volume={15},
	number={4},
	pages={443--450},
	year={2011},
	publisher={Elsevier}
}

@misc{chineseconstruction2005,
	title={Design Standard for Energy Efficiency of Public Buildings (GB50189-2005)},
	author={{Chinese Construction Ministry}},
	journal={{China Architecture and Building Press, Beijing}},
	year={2005},
}

@article{jiang2013analysing,
	title={Analysing co-benefits of the energy conservation and carbon reduction in China's large commercial buildings},
	author={Jiang, Ping and Dong, Wenbo and Kung, YiHsiu and Geng, Yong},
	journal={Journal of Cleaner Production},
	volume={58},
	pages={112--120},
	year={2013},
	publisher={Elsevier}
}

@article{zhao2010decomposing,
	title={Decomposing the influencing factors of industrial carbon emissions in Shanghai using the LMDI method},
	author={Zhao, Min and Tan, Lirong and Zhang, Weiguo and Ji, Minhe and Liu, Yuan and Yu, Lizhong},
	journal={Energy},
	volume={35},
	number={6},
	pages={2505--2510},
	year={2010},
	publisher={Elsevier}
}

@article{xie2010indicators,
	title={Indicators and approaches of lowcarbon development in eco-industrial parks},
	author={XIE, Hua-sheng and CHANG, Wen-tao and FAN, Zai-yi and LI, Ran and LI, Hao-nan},
	journal={China Environmental Protection Industry},
	volume={10},
	pages={42--45},
	year={2010}
}

@article{dong2013carbon,
	title={Carbon footprint evaluation at industrial park level: A hybrid life cycle assessment approach},
	author={Dong, Huijuan and Geng, Yong and Xi, Fengming and Fujita, Tsuyoshi},
	journal={Energy Policy},
	volume={57},
	pages={298--307},
	year={2013},
	publisher={Elsevier}
}

@article{darbra2008measure,
	title={How to measure uncertainties in environmental risk assessment},
	author={Darbra, Rosa Mar{\'\i}a and Eljarrat, Ethel and Barcel{\'o}, Dami{\`a}},
	journal={TrAC Trends in Analytical Chemistry},
	volume={27},
	number={4},
	pages={377--385},
	year={2008},
	publisher={Elsevier}
}

@book{markowitz1991portfolio,
	title={Portfolio selection: Efficient diversification of investments},
	author={Markowitz, Harry Max},
	year={1991},
	publisher={Second Edition, Cambridge, MA, USA: Basil Blackwell}
}

@Article{Ramanathan2001,
  author    = {Ramanathan, R},
  title     = {A note on the use of the analytic hierarchy process for environmental impact assessment},
  journal   = {Journal of Environmental Management},
  year      = {2001},
  volume    = {63},
  number    = {1},
  pages     = {27--35},
  publisher = {Elsevier},
}

@Article{Lahdelma2002,
  author    = {Lahdelma, Risto and Salminen, Pekka and Hokkanen, Joonas},
  title     = {Locating a waste treatment facility by using stochastic multicriteria acceptability analysis with ordinal criteria},
  journal   = {European Journal of Operational Research},
  year      = {2002},
  volume    = {142},
  number    = {2},
  pages     = {345--356},
  publisher = {Elsevier},
}

@Article{Hokkanen1997,
  author    = {Hokkanen, Joonas and Salminen, Pekka},
  title     = {Choosing a solid waste management system using multicriteria decision analysis},
  journal   = {European Journal of Operational Research},
  year      = {1997},
  volume    = {98},
  number    = {1},
  pages     = {19--36},
  publisher = {Elsevier},
}

@Article{Wang2006,
  author    = {Wang, Ying-Ming and Yang, Jian-Bo and Xu, Dong-Ling},
  title     = {Environmental impact assessment using the evidential reasoning approach},
  journal   = {European Journal of Operational Research},
  year      = {2006},
  volume    = {174},
  number    = {3},
  pages     = {1885--1913},
  publisher = {Elsevier},
}

@Article{Chan2013,
  author    = {Chan, Hing Kai and Wang, Xiaojun and White, Gareth Reginald Terence and Yip, Nick},
  title     = {An extended fuzzy-AHP approach for the evaluation of green product designs},
  journal   = {Engineering Management, IEEE Transactions on},
  year      = {2013},
  volume    = {60},
  number    = {2},
  pages     = {327--339},
  publisher = {IEEE},
}

@Article{Wang2015,
  author    = {Wang, Xiaojun and Chan, Hing Kai and Li, Dong},
  title     = {A case study of an integrated fuzzy methodology for green product development},
  journal   = {European Journal of Operational Research},
  year      = {2015},
  volume    = {241},
  number    = {1},
  pages     = {212--223},
  publisher = {Elsevier},
}

@Article{Accorsi2014,
  author    = {Accorsi, Riccardo and Cascini, Alessandro and Cholette, Susan and Manzini, Riccardo and Mora, Cristina},
  title     = {Economic and environmental assessment of reusable plastic containers: A food catering supply chain case study},
  journal   = {International Journal of Production Economics},
  year      = {2014},
  volume    = {152},
  pages     = {88--101},
  publisher = {Elsevier},
}

@Article{Dadhich2015,
  author    = {Dadhich, P and Genovese, A and Kumar, N and Acquaye, A},
  title     = {Developing sustainable supply chains in the UK construction industry: A case study},
  journal   = {International Journal of Production Economics},
  year      = {2015},
  volume    = {164},
  pages     = {271--284},
  publisher = {Elsevier},
}

@Article{Tognetti2015,
  author    = {Tognetti, Alice and Grosse-Ruyken, Pan Theo and Wagner, Stephan M},
  title     = {Green supply chain network optimization and the trade-off between environmental and economic objectives},
  journal   = {International Journal of Production Economics},
  year      = {2015},
  volume    = {170},
  pages     = {385--392},
  publisher = {Elsevier},
}

@Article{Wang2013,
  author    = {Wang, Belinda and Gebreslassie, Berhane H and You, Fengqi},
  title     = {Sustainable design and synthesis of hydrocarbon biorefinery via gasification pathway: Integrated life cycle assessment and technoeconomic analysis with multiobjective superstructure optimization},
  journal   = {Computers \& Chemical Engineering},
  year      = {2013},
  volume    = {52},
  pages     = {55--76},
  publisher = {Elsevier},
}

@Article{Vaidya2006,
  author    = {Vaidya, Omkarprasad S and Kumar, Sushil},
  title     = {Analytic hierarchy process: An overview of applications},
  journal   = {European Journal of Operational Research},
  year      = {2006},
  volume    = {169},
  number    = {1},
  pages     = {1--29},
  publisher = {Elsevier},
}

@Article{Weck1997,
  author    = {Weck, M and Klocke, Fritz and Schell, H and R{\"u}enauver, E},
  title     = {Evaluating alternative production cycles using the extended fuzzy AHP method},
  journal   = {European Journal of Operational Research},
  year      = {1997},
  volume    = {100},
  number    = {2},
  pages     = {351--366},
  publisher = {Elsevier},
}

@Article{Govindan2016,
  author    = {Govindan, Kannan and Jepsen, Martin Brandt},
  title     = {ELECTRE: A comprehensive literature review on methodologies and applications},
  journal   = {European Journal of Operational Research},
  year      = {2016},
  volume    = {250},
  number    = {1},
  pages     = {1--29},
  publisher = {Elsevier},
}

@Article{Yang2001,
  author    = {Yang, Jian-Bo},
  title     = {Rule and utility based evidential reasoning approach for multiattribute decision analysis under uncertainties},
  journal   = {European Journal of Operational Research},
  year      = {2001},
  volume    = {131},
  number    = {1},
  pages     = {31--61},
  publisher = {Elsevier},
}

@Article{Bloemhof-Ruwaard1996,
  author    = {Bloemhof-Ruwaard, Jacqueline M and Van Wassenhove, Luk N and Gabel, H Landis and Weaver, Paul M},
  title     = {An environmental life cycle optimization model for the European pulp and paper industry},
  journal   = {Omega},
  year      = {1996},
  volume    = {24},
  number    = {6},
  pages     = {615--629},
  publisher = {Elsevier},
}

@Article{Eskandarpour2015,
  author    = {Eskandarpour, Majid and Dejax, Pierre and Miemczyk, Joe and P{\'e}ton, Olivier},
  title     = {Sustainable supply chain network design: An optimization-oriented review},
  journal   = {Omega},
  year      = {2015},
  volume    = {54},
  pages     = {11--32},
  publisher = {Elsevier},
}

@Article{Chaabane2012,
  author    = {Chaabane, Amin and Ramudhin, Amar and Paquet, Marc},
  title     = {Design of sustainable supply chains under the emission trading scheme},
  journal   = {International Journal of Production Economics},
  year      = {2012},
  volume    = {135},
  number    = {1},
  pages     = {37--49},
  publisher = {Elsevier},
}

@Article{Guillen-Gosalbez2010,
  author    = {Guill{\'e}n-Gos{\'a}lbez, Gonzalo and Grossmann, Ignacio},
  title     = {A global optimization strategy for the environmentally conscious design of chemical supply chains under uncertainty in the damage assessment model},
  journal   = {Computers \& Chemical Engineering},
  year      = {2010},
  volume    = {34},
  number    = {1},
  pages     = {42--58},
  publisher = {Elsevier},
}

@Article{Ruiz-Femenia2013,
  author    = {Ruiz-Femenia, Rub{\'e}n and Guill{\'e}n-Gos{\'a}lbez, Gonzalo and Jim{\'e}nez, Laureano and Caballero, JA},
  title     = {Multi-objective optimization of environmentally conscious chemical supply chains under demand uncertainty},
  journal   = {Chemical Engineering Science},
  year      = {2013},
  volume    = {95},
  pages     = {1--11},
  publisher = {Elsevier},
}

@Article{Pratt1964,
  author    = {Pratt, John W},
  title     = {Risk aversion in the small and in the large},
  journal   = {Econometrica: Journal of the Econometric Society},
  year      = {1964},
  volume    = {32},
  number    = {1/2},
  pages     = {122--136},
  publisher = {JSTOR},
}

@Article{Nemirovski2006,
  author    = {Nemirovski, Arkadi and Shapiro, Alexander},
  title     = {Convex approximations of chance constrained programs},
  journal   = {SIAM Journal on Optimization},
  year      = {2006},
  volume    = {17},
  number    = {4},
  pages     = {969--996},
  publisher = {SIAM},
}

@Article{Khoo2012,
  author    = {Khoo, Hsien H and Tan, Lester LZ and Tan, Reginald BH},
  title     = {Projecting the environmental profile of Singaporeâ€™s landfill activities: Comparisons of present and future scenarios based on LCA},
  journal   = {Waste Management},
  year      = {2012},
  volume    = {32},
  number    = {5},
  pages     = {890--900},
  publisher = {Elsevier},
}

@Article{Bolin2009,
  author  = {Bolin, Lisa},
  title   = {{Environmental impact assessment of energy recovery from food waste in Singapore: Comparing biogas production to incineration}},
  journal = {\emph{M. Thesis, Department of Energy and Technology, Swedish University of Agricultural Sciences, Uppsala, Sweden}},
  year    = {2009},
}

@Article{Arena2003,
  author    = {Arena, Umberto and Mastellone, Maria Laura and Perugini, Francesco},
  title     = {The environmental performance of alternative solid waste management options: A life cycle assessment study},
  journal   = {Chemical Engineering Journal},
  year      = {2003},
  volume    = {96},
  number    = {1},
  pages     = {207--222},
  publisher = {Elsevier},
}

@Misc{Weidema2013,
  author = {Weidema, B.P. and Bauer, Ch. and Hischier, R. and Mutel, Ch. and Nemecek, T. and Reinhard, J. and Vadenbo, C.O. and Wernet, G},
  title  = {The ecoinvent database: Overview and methodology, data quality guideline for the ecoinvent database version 3},
  year   = {2013},
  note   = {\url{http://www.ecoinvent.org/}},
}

@Article{EMA2014,
  author  = {EMA},
  title   = {Other statistics energy related statistics},
  journal = {\emph{Energy Market Authority of Singapore, Singapore}},
  year    = {2014},
  note    = {\url{https://www.ema.gov.sg/cmsmedia/Publications_and_Statistics/Publications/ses/2015/other-energy-related-statistics/index.html}},
}

@Article{Wong2002,
  author  = {Wong, C. K},
  title   = {{Development of LCI database for Singapore electricity production}},
  journal = {\emph{Final Year Report, Department of Chemical and Environmental Engineering, National University of Singapore, Singapore}},
  year    = {2002},
}

@Article{Fisher2006,
  author  = {Fisher, K},
  title   = {Impact of energy from waste and recycling policy on UK greenhouse gas emissions -- Final report},
  journal = {\emph{Environmental Resources Management, Oxford, UK}},
  year    = {2006},
  note    = {\url{http://randd. defra. gov. uk/Document.aspx}},
}

@Article{Jaillet2013,
  author  = {Jaillet, Patrick and Qi, Jin and Sim, Melvyn},
  title   = {Routing optimization with deadlines under uncertainty},
  journal = {\emph{Working paper}},
  year    = {2013},
  note    = {\url{http://web.mit.edu.libproxy1.nus.edu.sg/jaillet/www/general/RoutingOptimization_JQS.pdf}},
}

@Book{Nielsen2008,
  title     = {Denmark's National Inventory Report 2008: Emission Inventories 1990-2006 -- Submitted under the United Nations Framework Convention on Climate Change},
  publisher = {NERI Technical Report No. 667, National Environmental Research Institute, University of Aarhus, Denmark},
  year      = {2008},
  author    = {Nielsen, Ole-Kenneth and Lyck, Erik and Mikkelsen, Mette Hjorth and Hoffmann, Leif and Gyldenk{\ae}rne, Steen and Winther, Morten and Nielsen, Malene and Fauser, Patrik and Thomsen, Marianne and Plejdrup, Marlene Schmidt and others},
}

@Article{Cho1995,
  author    = {Cho, Jae Kyoung and Park, Soon Chul and Chang, Ho Nam},
  title     = {Biochemical methane potential and solid state anaerobic digestion of Korean food wastes},
  journal   = {Bioresource Technology},
  year      = {1995},
  volume    = {52},
  number    = {3},
  pages     = {245--253},
  publisher = {Elsevier},
}

@Article{Banks2011,
  author    = {Banks, Charles J and Chesshire, Michael and Heaven, Sonia and Arnold, Rebecca},
  title     = {Anaerobic digestion of source-segregated domestic food waste: Performance assessment by mass and energy balance},
  journal   = {Bioresource Technology},
  year      = {2011},
  volume    = {102},
  number    = {2},
  pages     = {612--620},
  publisher = {Elsevier},
}

@Article{Heo2004,
  author    = {Heo, Nam Hyo and Park, Soon Chul and Kang, Ho},
  title     = {Effects of mixture ratio and hydraulic retention time on single-stage anaerobic co-digestion of food waste and waste activated sludge},
  journal   = {Journal of Environmental Science and Health, Part A},
  year      = {2004},
  volume    = {39},
  number    = {7},
  pages     = {1739--1756},
  publisher = {Taylor and Francis},
}

@Book{Smith2001,
  title     = {Waste management options and climate change: Final report to the European Commission},
  publisher = {European Commission},
  year      = {2001},
  author    = {Smith, Alison and Brown, Keith and Ogilvie, Steve and Rushton, Kathryn and Bates, Judith and others},
}

@Article{Kua2014,
  author    = {Kua, Harn Wei and Kamath, Susmita},
  title     = {An attributional and consequential life cycle assessment of substituting concrete with bricks},
  journal   = {Journal of Cleaner Production},
  year      = {2014},
  volume    = {81},
  pages     = {190--200},
  publisher = {Elsevier},
}

@Article{Kua2013,
  author    = {Kua, Harn Wei},
  title     = {Attributional and consequential life cycle inventory assessment of recycling copper slag as building material in Singapore},
  journal   = {Transactions of the Institute of Measurement and Control},
  year      = {2013},
  volume    = {35},
  number    = {4},
  pages     = {510--520},
  publisher = {SAGE Publications},
}

@Article{Kaufman2014,
  author    = {Kaufman, Noah},
  title     = {Why is risk aversion unaccounted for in environmental policy evaluations?},
  journal   = {Climatic Change},
  year      = {2014},
  volume    = {125},
  number    = {2},
  pages     = {127--135},
  publisher = {Springer},
}

@Misc{LLEC2014,
  author = {{Lake Life Executive Condominium}},
  year   = {2014},
  note   = {\url{http://lakelife.ec/floorplan/2-br-floorplan/}},
}

@Misc{AlibabaMarketplace2015,
  author = {{Alibaba Marketplace}},
  year   = {2015},
  note   = {\url{http://www.alibaba.com}},
}

@Article{Khoo2010,
  author    = {Khoo, Hsien H and Lim, Teik Z and Tan, Reginald BH},
  title     = {Food waste conversion options in Singapore: Environmental impacts based on an LCA perspective},
  journal   = {Science of the Total Environment},
  year      = {2010},
  volume    = {408},
  number    = {6},
  pages     = {1367--1373},
  publisher = {Elsevier},
}

@Article{Khoo2009,
  author    = {Khoo, Hsien H},
  title     = {Life cycle impact assessment of various waste conversion technologies},
  journal   = {Waste Management},
  year      = {2009},
  volume    = {29},
  number    = {6},
  pages     = {1892--1900},
  publisher = {Elsevier},
}

@Article{McDougall2000,
  author    = {McDougall, Forbes R and Hruska, Joseph P},
  title     = {Report: The use of life cycle inventory tools to support an integrated approach to solid waste management},
  journal   = {Waste Management and Research},
  year      = {2000},
  volume    = {18},
  number    = {6},
  pages     = {590--594},
  publisher = {Wiley Online Library},
}

@Misc{nullSS2014,
  author = {{Department of Statistics Singapore }},
  title  = {Latest Data on Population \& Land Area},
  year   = {2014},
  note   = {\url{http://www.singstat.gov.sg/statistics/browse-by-theme/population-and-population-structure}},
}

@Misc{SimaPro2008a,
  author = {SimaPro},
  title  = {{Water Transport Database: Diesel-power barge, PR\'e Consultants}},
  year   = {2008a},
  note   = {\url{https://www.pre-sustainability.com/}},
}

@Article{Oliveira2004,
  author    = {Oliveira, Carla and Antunes, Carlos Henggeler},
  title     = {A multiple objective model to deal with economy--energy--environment interactions},
  journal   = {European Journal of Operational Research},
  year      = {2004},
  volume    = {153},
  number    = {2},
  pages     = {370--385},
  publisher = {Elsevier},
}

@Book{Clemen2001,
  title     = {Making hard decisions with decision tools},
  publisher = {Pacific Grove, CA: Duxbury Thomson Learning},
  year      = {2001},
  author    = {Clemen, R. T and Reilly, Terence},
}

@Article{Glasson2013,
  author  = {Glasson, John and Therivel, Riki and Chadwick, Andrew,},
  title   = {Introduction and Principles},
  journal = {\emph{pp.3-30 in} Introduction to environmental impacts assessment, \emph{edited by J. Glasson. New York: Roultedge}},
  year    = {2013},
}

@Article{ISO2006,
  author  = {ISO},
  title   = {{ISO 14044 International standard environmental management -- Life cycle assessment -- Requirements and guidelines}},
  journal = {\emph{Geneva, Switzerland: International Standard Organization}},
  year    = {2006},
}

@Article{Edmundson1957,
  author  = {Edmundson, HP},
  title   = {Bounds on the expectation of a convex function of a random variable},
  journal = {\emph{Santa Monica, CA: RAND Corporation}},
  year    = {1957},
  note    = {\url{http://www.rand.org/pubs/papers/P982.html}},
}

@Article{Madansky1959,
  author    = {Madansky, Albert},
  title     = {Bounds on the expectation of a convex function of a multivariate random variable},
  journal   = {The Annals of Mathematical Statistics},
  year      = {1959},
  volume    = {30},
  number    = {3},
  pages     = {743--746},
  publisher = {JSTOR},
}

@Article{Foellmer2002,
  author    = {F{\"o}llmer, Hans and Schied, Alexander},
  title     = {Convex measures of risk and trading constraints},
  journal   = {Finance and Stochastics},
  year      = {2002},
  volume    = {6},
  number    = {4},
  pages     = {429--447},
  publisher = {Springer},
}

@Article{Artzner1999,
  author  = {Artzner, Philippe and Delbaen, Freddy and Eber, Jean-Marc and Heath, David},
  title   = {Coherent measures of risk},
  journal = {Mathematical Finance},
  year    = {1999},
  volume  = {9},
  number  = {3},
  pages   = {203--228},
}

@Article{Rockafellar2000,
  author  = {Rockafellar, R Tyrrell and Uryasev, Stanislav},
  title   = {Optimization of conditional value-at-risk},
  journal = {Journal of Risk},
  year    = {2000},
  volume  = {2},
  pages   = {21--42},
}

@Article{Markowitz1952,
  author    = {Markowitz, Harry Max},
  title     = {Portfolio selection},
  journal   = {The Journal of Finance},
  year      = {1952},
  volume    = {7},
  number    = {1},
  pages     = {77--91},
  publisher = {Wiley Online Library},
}

@Book{Markowitz1991,
  title     = {Portfolio selection: Efficient diversification of investments},
  publisher = {Second Edition, Cambridge, MA, USA: Basil Blackwell},
  year      = {1991},
  author    = {Markowitz, Harry Max},
}

@Article{Jefferson2005,
  author    = {Jefferson, Thomas R and Scott, Carlton H},
  title     = {Dynamic financial planning: certainty equivalents, stochastic constraints and functional conjugate duality},
  journal   = {IIE Transactions},
  year      = {2005},
  volume    = {37},
  number    = {10},
  pages     = {931--938},
  publisher = {Taylor \& Francis},
}

@article{pindyck2007uncertainty,
	title={Uncertainty in environmental economics},
	author={Pindyck, Robert S},
	journal={Review of Environmental Economics and Policy},
	volume={1},
	number={1},
	pages={45--65},
	year={2007},
	publisher={Oxford University Press}
}

@article{duffie1997overview,
	title={An overview of value at risk},
	author={Duffie, Darrell and Pan, Jun},
	journal={The Journal of Derivatives},
	volume={4},
	number={3},
	pages={7--49},
	year={1997},
	publisher={Institutional Investor Journals}
}

@article{bulc2006long,
	title={Long term performance of a constructed wetland for landfill leachate treatment},
	author={Bulc, Tjasa G},
	journal={Ecological Engineering},
	volume={26},
	number={4},
	pages={365--374},
	year={2006},
	publisher={Elsevier}
}

@article{sawaittayothin2007nitrogen,
	title={Nitrogen mass balance and microbial analysis of constructed wetlands treating municipal landfill leachate},
	author={Sawaittayothin, Variga and Polprasert, Chongrak},
	journal={Bioresource Technology},
	volume={98},
	number={3},
	pages={565--570},
	year={2007},
	publisher={Elsevier}
}

@article{sim2013management,
	title={Management and treatment of landfill leachate by a system of constructed wetlands and ponds in Singapore.},
	author={Sim, CH and Quek, BS and Shutes, RBE and Goh, KH},
	journal={Water Science \& Technology},
	volume={68},
	number={5},
	year={2013}
}

@article{skutlarek2006perfluorinated,
	title={Perfluorinated surfactants in surface and drinking waters},
	author={Skutlarek, Dirk and Exner, Martin and Farber, H},
	journal={Environmental science and pollution research international},
	volume={13},
	number={5},
	pages={299},
	year={2006},
	publisher={ECOMED PUBLISHERS}
}

@article{kjeldsen2002present,
	title={Present and long-term composition of MSW landfill leachate: a review},
	author={Kjeldsen, Peter and Barlaz, Morton A and Rooker, Alix P and Baun, Anders and Ledin, Anna and Christensen, Thomas H},
	journal={Critical reviews in environmental science and technology},
	volume={32},
	number={4},
	pages={297--336},
	year={2002},
	publisher={Taylor \& Francis}
}

@article{standard2009,
	title={Environmental Quality (Sewage) Regulation},
	author={{Environmental Quality ACT.}},
	year={2009},
}

@misc{pubstandard2010,
	title={Allowable Limits For Trade Effluent Discharge To Sewer/ Watercourse/ Controlled Watercourse},
	author={{NEA}},
	year={2014},
	note={\url{http://www.nea.gov.sg/anti-pollution-radiation-protection/water-pollution-control/allowable-limits}}
}

@article{pub2014,
	title={Surface flow wetlands},
	author={PUB,},
	year={2014},
	journal={\emph{Chapter 10 in} Engineering Procedure for ABC Waters Design Features, \emph{edited by Grace Fu, Singapore}}
	
}


@book{lye2014sustainability,
	title={Sustainability Matters:(In 2 Volumes) Volume 1: Asia's Green ChallengesVolume 2: Asia's Energy Concerns, Green Policies and Environmental Advocacy},
	author={Lye, Lin-Heng and Savage, Victor R and Chou, Loke Ming and Liya, E Yu and Kua, Harn-Wei},
	year={2014},
	publisher={World Scientific}
}

@article{renou2008landfill,
	title={Landfill leachate treatment: review and opportunity},
	author={Renou, S and Givaudan, JG and Poulain, S and Dirassouyan, F and Moulin, P},
	journal={Journal of hazardous materials},
	volume={150},
	number={3},
	pages={468--493},
	year={2008},
	publisher={Elsevier}
}

@book{kadlec2009treatment,
	title={Treatment Wetlands},
	author={Kadlec, Robert H and Wallace, Scott},
	year={2009},
	publisher={CRC: Taylor \& Francis Group}
}

@article{2000a,
	title={Constructed wetlands treatment of municipal wastewaters},
	author={{U.S. EPA}},
	journal={{\emph{EPA, 625/R-99/010, U.S. EPA Office of Research and Development: Washington D.C.}}},
	year={2000a},
}

@article{wallace2006feasibility,
	title={Feasibility, design criteria, and O\&M requirements for small scale constructed wetland wastewater treatment systems},
	author={Wallace, Scott},
	journal={Water Intelligence Online},
	volume={5},
	year={2006},
	publisher={IWA Publishing}
}

@article{rousseau2004model,
	title={Model-based design of horizontal subsurface flow constructed treatment wetlands: a review},
	author={Rousseau, Diederik PL and Vanrolleghem, Peter A and De Pauw, Niels},
	journal={Water Research},
	volume={38},
	number={6},
	pages={1484--1493},
	year={2004},
	publisher={Elsevier}
}

@article{kumar2011review,
	title={A review on numerous modeling approaches for effective, economical and ecological treatment wetlands},
	author={Kumar, JLG and Zhao, YQ},
	journal={Journal of Environmental Management},
	volume={92},
	number={3},
	pages={400--406},
	year={2011},
	publisher={Elsevier}
}


@article{brix1994constructed,
	title={Constructed wetlands for municipal wastewater treatment in Europe},
	author={Brix, Hans},
	journal={\emph{pp.325-333 in} Global
	Wetlands: Old World and New, \emph{edited by Mitsch WJ. Elsevier: Amsterdam}},
	year={1994}
}

@book{iwa2001constructed,
	title={Constructed wetlands for pollution control: processes, performance, design and operation},
	author={Kadlec, R H and Knight, R L and Vymazal, J and Brix, H and Cooper, P and Haberl, R.},
	year={2000},
	publisher={IWA
	specialist group on use of macrophytes in water pollution
	control. Scientific and Technical Report. UK: Iwa Publishing}
}

@article{kadlec1997deterministic,
	title={Deterministic and stochastic aspects of constructed wetland performance and design},
	author={Kadlec, Robert H},
	journal={Water Science and Technology},
	volume={35},
	number={5},
	pages={149--156},
	year={1997},
	publisher={Elsevier}
}

@article{mitchell2001alternative,
	title={Alternative analysis of BOD removal in subsurface flow constructed wetlands employing Monod kinetics},
	author={Mitchell, Cynthia and McNevin, Dennis},
	journal={Water Research},
	volume={35},
	number={5},
	pages={1295--1303},
	year={2001},
	publisher={Elsevier}
}

@book{knight1993database,
	title={North American Treatment Wetland Database -- electronic database created for the US Environmental Protection Agency},
	author={Knight, RL and Ruble, R and Kadlec, RH and Reed, S},
	year={1993},
}

@article{meyer2015modelling,
	title={Modelling constructed wetlands: Scopes and aims--a comparative review},
	author={Meyer, Daniel and Chazarenc, Florent and Claveau-Mallet, Dominique and Dittmer, Ulrich and Forquet, Nicolas and Molle, Pascal and Morvannou, Ania and P{\'a}lfy, Tam{\'a}s and Petitjean, Alain and Rizzo, Anacleto and others},
	journal={Ecological Engineering},
	volume={80},
	pages={205--213},
	year={2015},
	publisher={Elsevier}
}

@article{kadlec2009designbasis,
	title={Design Basis},
	author={Kadlec, Robert H and Wallace, Scott},
	year={2009},
	journal={\emph{pp.607 in} Treatment Wetlands [Chapter 16], \emph{CRC: Taylor \& Francis Group}},
	year={2009}
}

@article{kadlec2009fwssize,
	title={Sizing of FWS Wetlands},
	author={Kadlec, Robert H and Wallace, Scott},
	year={2009},
	journal={\emph{pp.627 in} Treatment Wetlands [Chapter 17], \emph{CRC: Taylor \& Francis Group}},
	year={2009}
}

@article{sundaravadivel2001constructed,
	title={Constructed wetlands for wastewater treatment},
	author={Sundaravadivel, M and Vigneswaran, S},
	journal={Critical Reviews in Environmental Science and Technology},
	volume={31},
	number={4},
	pages={351--409},
	year={2001},
	publisher={Taylor \& Francis}
}

@article{zhang2015multiple,
	title={Multiple linear modeling of outflow nitrogen dynamics in vertical-flow constructed wetlands under two different operating states},
	author={Zhang, Shiyang and Li, Gu and Li, Xiaoli and Tao, Ling},
	journal={Ecological Engineering},
	volume={81},
	pages={53--61},
	year={2015},
	publisher={Elsevier}
}

@article{zhang2014aerated,
	title={Aerated enhanced treatment of aquaculture effluent by three-stage, subsurface-flow constructed wetlands under a high loading rate},
	author={Zhang, Shi-yang and Li, Gu and Chang, Jun-jun and Li, Xiao-li and Tao, Ling},
	journal={Polish Journal of Environmental Studies},
	volume={23},
	number={5},
	year={2014},
	publisher={-}
}

@article{stefanakis2012effects,
	title={Effects of loading, resting period, temperature, porous media, vegetation and aeration on performance of pilot-scale vertical flow constructed wetlands},
	author={Stefanakis, Alexandros I and Tsihrintzis, Vassilios A},
	journal={Chemical engineering journal},
	volume={181},
	pages={416--430},
	year={2012},
	publisher={Elsevier}
}

@article{walker1990milk,
	title={City of Gustine Marsh Evaluation Study},
	author={Walker,L P and Walker, M R},
	year={1990},
	journal={\emph{Report to the City of Gustine, Larry Walker and Associates}},
}

@article{langergraber2009recent,
	title={Recent developments in numerical modelling of subsurface flow constructed wetlands},
	author={Langergraber, G{\"u}nter and Giraldi, David and Mena, Javier and Meyer, Daniel and Pe{\~n}a, Miguel and Toscano, Attilio and Brovelli, Alessandro and Korkusuz, E Asuman},
	journal={Science of the Total Environment},
	volume={407},
	number={13},
	pages={3931--3943},
	year={2009},
	publisher={Elsevier}
}

@article{teiter2005emission,
	title={Emission of N$_2$O, N$_2$, CH$_4$, and CO$_2$ from constructed wetlands for wastewater treatment and from riparian buffer zones},
	author={Teiter, Sille and Mander, {\"U}lo},
	journal={Ecological Engineering},
	volume={25},
	number={5},
	pages={528--541},
	year={2005},
	publisher={Elsevier}
}

@article{brix2003experiments,
	title={Experiments in a two-stage constructed wetland system: nitrification capacity and effects of recycling on nitrogen removal},
	author={Brix, Hans and Arias, CA and Johansen, NH},
	journal={\emph{pp.237-258 in} Wetlands-Nutrients, Metals and Mass Cycling, \emph{Backhuys: Leiden, the Netherlands}},
	year={2003}
}

@article{vymazal2005horizontal,
	title={Horizontal sub-surface flow and hybrid constructed wetlands systems for wastewater treatment},
	author={Vymazal, Jan},
	journal={Ecological Engineering},
	volume={25},
	number={5},
	pages={478--490},
	year={2005},
	publisher={Elsevier}
}

@article{kadlec2009introduction,
	title={Introduction to Treatment Wetland},
	author={Kadlec, Robert H and Wallace, Scott},
	year={2009},
	journal={\emph{pp.3-20 in} Treatment wetlands [Chapter 1], \emph{CRC: Taylor \& Francis Group}},
	year={2009}
}

@article{sayadi2012hybrid,
	title={Hybrid constructed wetlands for wastewater treatment: A worldwide review},
	author={Sayadi, MH and Kargar, R and Doosti, MR and Salehi, H},
	journal={Proceedings of the International Academy of Ecology and Environmental Sciences},
	volume={2},
	number={4},
	pages={204},
	year={2012},
	publisher={International Academy of Ecology and Environmental Sciences (IAEES)}
}

@Article{Vymazal2005,
  author    = {Vymazal, Jan},
  title     = {Horizontal sub-surface flow and hybrid constructed wetlands systems for wastewater treatment},
  journal   = {Ecological Engineering},
  year      = {2005},
  volume    = {25},
  number    = {5},
  pages     = {478--490},
  publisher = {Elsevier},
}

@article{USagency2005,
	title={Handbook for managing onsite and clustered (decentralised)
	wastewater treatment systems: an introduction to management
	tools and information for implementing EPA's management
	guidelines},
	author={{USEPA}},
	journal={\emph{EPA's management
	guidelines, US Environmental Protection
	Agency}},
	year={2005},
}

@article{victor2011,
	title={Rethinking decentralized systems: a new tool for sustainable water management},
	author={Victor, Dâ€™Amato and Jeff, Moeller and Elizabeth, Striano},
	journal={Water Environment \& Technology},
	year={2011},
}

@article{valipour2016constructed,
	title={Constructed wetlands as sustainable ecotechnologies in decentralization practices: a review},
	author={Valipour, Alireza and Ahn, Young-Ho},
	journal={Environmental Science and Pollution Research},
	volume={23},
	number={1},
	pages={180--197},
	year={2016},
	publisher={Springer}
}

@article{guo2014decentralized,
	title={Decentralized wastewater treatment technologies and management in Chinese villages},
	author={Guo, Xuesong and Liu, Zehang and Chen, Meixue and Liu, Junxin and Yang, Min},
	journal={Frontiers of Environmental Science \& Engineering},
	volume={8},
	number={6},
	pages={929--936},
	year={2014},
	publisher={Springer}
}


@article{massoud2009decentralized,
	title={Decentralized approaches to wastewater treatment and management: applicability in developing countries},
	author={Massoud, May A and Tarhini, Akram and Nasr, Joumana A},
	journal={Journal of environmental management},
	volume={90},
	number={1},
	pages={652--659},
	year={2009},
	publisher={Elsevier}
}

@article{gauss2008constructed,
	title={Constructed wetlands: a promising wastewater treatment system for small localities: experiences from Latin America},
	author={Gauss, Martin},
	journal={World Bank Policy Research Working Paper Series},
	year={2008}
}

@article{brown20102009,
	title={2009 Melbourne metropolitan sewerage strategy: a portfolio of decentralised and on-site concept designs.},
	author={Brown, V and Jackson, DW and Khalif{\'e}, M},
	journal={Water Science \& Technology},
	volume={62},
	number={3},
	year={2010}
}

@book{larsen2013source,
	title={Source separation and decentralization for wastewater management},
	author={Larsen, Tove A and Udert, Kai M and Lienert, Judit},
	year={2013},
	publisher={London: IWA Publishing}
}

@article{mccormick1976computability,
	title={Computability of global solutions to factorable nonconvex programs: Part Iâ€”Convex underestimating problems},
	author={McCormick, Garth P},
	journal={Mathematical programming},
	volume={10},
	number={1},
	pages={147--175},
	year={1976},
	publisher={Springer}
}
@Comment{jabref-meta: databaseType:bibtex;}
